% @techreportosti{osti, 
%   author      = "Abou Jaoude, Abdalla and Giudicelli, Guillaume Louis and Walker, Samuel Austin and Tano Retamales, Mauricio Eduardo and Madeleine Charlot, Lise Cecile and Schunert, Sebastian and Balestra, Paolo and Rogers, Dempsey D. and Harbour, Logan H. and Gaston, Derek R.",
%   title       = "Overview of Virtual Test Bed FY23 Activities",
%   institution = "Idaho National Laboratory (INL), Idaho Falls, ID (United States)",
%   annote      = "The National Reactor Innovation Center (NRIC) was created for accelerating the deployment of novel reactor concepts. This will be achieved by providing both physical and virtual spaces for building and testing various components, systems, and complete pilot plants. The Virtual Test Bed (VTB) represents the virtual arm. It is being developed in collaboration with Department of Energyâ€™s (DOE) Nuclear Energy Advanced Modeling and Simulation (NEAMS) program.",
%   doi         = "10.2172/1992805",
%   url         = "https://www.osti.gov/biblio/1992805",
%   place       = "United States",
%   year        = "2023",
%   month       = "07"}


